\usepackage{url}

@article{thrun2002probabilistic,
  title={Probabilistic robotics},
  author={Thrun, Sebastian},
  journal={Communications of the ACM},
  volume={45},
  number={3},
  pages={52--57},
  year={2002},
  publisher={ACM}
}

@article{nummiaro2003adaptive,
	title={An adaptive color-based particle filter},
	author={Nummiaro, Katja and Koller-Meier, Esther and Van Gool, Luc},
	journal={Image and vision computing},
	volume={21},
	number={1},
	pages={99--110},
	year={2003},
	publisher={Elsevier}
}

@misc{pfDemo,
	author = {Eiji Ota},
	title = {Simple Particle Filter Demo},
	howpublished = {\url{https://se.mathworks.com/matlabcentral/fileexchange/33666-simple-particle-filter-demo}}
}